<?xml version="1.0" encoding="UTF-8"?><collection xmlns="http://www.loc.gov/MARC21/slim"><record><leader>00419nam--2200169-i-4500</leader><controlfield tag="001">000036223</controlfield><controlfield tag="002">20161230</controlfield><controlfield tag="005">20161230201040</controlfield><controlfield tag="008">060222s1000------------r-----000-0-eng-d</controlfield><datafield ind1=" " ind2=" " tag="040"><subfield code="a">IFIN-HH</subfield></datafield><datafield ind1=" " ind2=" " tag="080"><subfield code="a">537.611.3</subfield></datafield><datafield ind1="1" ind2=" " tag="100"><subfield code="a">O`Dell,T.H</subfield></datafield><datafield ind1="1" ind2="0" tag="245"><subfield code="a">Magnetic bubbles</subfield><subfield code="c">T.h. o'dell</subfield></datafield><datafield ind1=" " ind2=" " tag="260"><subfield code="a">London</subfield><subfield code="b">The Macmillan Press Ltd</subfield><subfield code="c">1974</subfield></datafield><datafield ind1=" " ind2=" " tag="300"><subfield code="a">IX+159P</subfield></datafield><datafield ind1=" " ind2=" " tag="852"><subfield code="a">45919</subfield><subfield code="c">537:538</subfield></datafield><datafield ind1=" " ind2=" " tag="CAT"><subfield code="a">Sys</subfield><subfield code="c">20110622</subfield><subfield code="h">122856</subfield></datafield></record></collection>